@online{covid-19-wiki,
  title = {Covid-19 - Wikipedie},
  urldate = {2023-02-15},
  url = {https://cs.wikipedia.org/wiki/Covid-19},
}

@online{covid-19-europa-eu,
  title = {COVID-19},
  urldate = {2023-02-15},
  url = {https://www.ecdc.europa.eu/en/covid-19},
}

@online{covid-19-who,
  title = {Coronavirus disease (COVID-19) pandemic},
  urldate = {2023-02-16},
  url = {https://www.who.int/europe/emergencies/situations/covid-19},
}

@online{wiki-lau,
  title = {Local administrative unit - Wikipedie},
  urldate = {2023-02-17},
  url = {https://cs.wikipedia.org/wiki/Local_administrative_unit},
}

@online{europa-eu-lau,
  title = {Local Administrative Units (LAU) - NUTS - Nomenclature of territorial Units for Statistics},
  urldate = {2023-02-17},
  url = {https://ec.europa.eu/eurostat/web/nuts/local-administrative-units},
}

@online{europa-eu-nuts,
  title = {Background - NUTS - Nomenclature of territorial Units for Statistics},
  urldate = {2023-02-17},
  url = {https://ec.europa.eu/eurostat/web/nuts/background},
}

@online{dopady-covid-cestruch,
  title = {Covid-19 citelně postihl ekonomiku cestovního ruchu | ČSÚ},
  urldate = {2023-02-20},
  url = {https://www.czso.cz/csu/czso/covid-19-citelne-postihl-ekonomiku-cestovniho-ruchu},
}

@online{dopady-covid-cestruch-2,
  title = {Cestovní ruch po covidu. Jaký dopad měla pandemie na turismus?},
  urldate = {2023-02-20},
  url = {https://www.csas.cz/cs/firmy/articles/21/cestovni-ruch-po-covidu-jaky-dopad-mela-pandemie-na-turismus},
}

@online{dopady-covid-nouzstav,
  title = {Ústavní zákon č. 110/1998 Sb., o bezpečnosti České republiky},
  urldate = {2023-02-20},
  url = {https://www.zakonyprolidi.cz/cs/1998-110},
}

@online{dopady-covid-izolace,
  title = {Izolace a karanténa - Covid Portál},
  urldate = {2023-02-20},
  url = {https://covid.gov.cz/situace/onemocneni-covid-19/izolace-karantena},
}

@online{dopady-covid-vakciny,
  title = {Účinnost vakcín - Covid Portál},
  urldate = {2023-02-20},
  url = {https://covid.gov.cz/situace/vakciny/ucinnost-vakcin},
}

@online{soucasnystav-covid-statistika,
  title = {Souhrnné statistiky - COVID očkování},
  urldate = {2023-02-20},
  url = {https://ockovani.opendatalab.cz/statistiky},
}

@online{covid-19-puvod,
  title = {Investigations into the origin of COVID-19 | Wikipedia},
  urldate = {2023-02-21},
  url = {https://en.wikipedia.org/wiki/Investigations_into_the_origin_of_COVID-19},
}

@online{covid-19-zoonoza,
  title = {Zoonóza},
  urldate = {2023-03-24},
  url = {https://www.mvcr.cz/clanek/zoonoza.aspx},
}

@online{api-definice,
  title = {What is an API?},
  urldate = {2023-02-22},
  url = {https://www.redhat.com/en/topics/api/what-are-application-programming-interfaces},
}

@online{json-definice,
  title = {JSON},
  urldate = {2023-04-26},
  url = {https://www.json.org/json-en.html},
}

@online{uzis-definice,
  title = {O nás - ÚZIS ČR},
  urldate = {2023-02-22},
  url = {https://www.uzis.cz/index.php?pg=o-nas},
}

@thesis{bednarkova-covid,
  author       = {Bednárková, Barbora },
  title        = {MODERNÍ ZPŮSOBY VIZUALIZACE POČTU PŘÍPADŮ ONEMOCNĚNÍ COVID-19},
  type         = {bachelorthesis},
  institution  = {VYSOKÁ ŠKOLA BÁŇSKÁ – TECHNICKÁ UNIVERZITA OSTRAVA},
  date         = 2021,
  location     = {Ostrava},
  annotation   = {Tato bakalářská práce se zabývá problematikou vizualizace a publikace dat o počtu
nakažených koronavirovým onemocněním COVID-19 v prostředí internetu. V první části práce
jsou rozebrány metody vizualizace dat a následně jsou zmíněny prostředky, pomocí kterých je
tato data možné vizualizovat a publikovat. V druhé části práce je popsána tvorba vlastní
vizualizace počtu případů onemocnění COVID-19 v České republice. Výsledná vizualizace je
vytvořena za pomocí webové aplikace ArcGIS Dashboard na základě veřejně dostupných dat
od MZČR. Dashboard se skládá z mapových polí, číselných indikátorů, grafů a dalších prvků a
je denně automaticky aktualizován.},
}

@online{opendatalab,
  title = {Hlavní strana - OpenDataLab},
  urldate = {2023-02-22},
  url = {https://opendatalab.cz/},
}

@online{opendatalab-ockovani,
  title = {COVID očkování},
  urldate = {2023-03-09},
  url = {https://ockovani.opendatalab.cz/},
}

@online{pandemie-historie,
  title = {Pandemie v historii},
  urldate = {2023-03-01},
  url = {https://www.mojemedicina.cz/pruvodce-pacienta/diagnozy/pandemie-infekrnich-onemocneni/pandemie-v-historii.html},
}

@online{pandemie-definice,
  title = {Pandemie infekčních onemocnění},
  urldate = {2023-03-01},
  url = {https://www.mojemedicina.cz/pruvodce-pacienta/diagnozy/pandemie-infekrnich-onemocneni.html},
}

@online{diseases,
  title = {Frontiers | Pandemics Throughout History},
  urldate = {2023-03-01},
  author = {Jocelyne Piret and Guy Boivin},
  url = {https://www.frontiersin.org/articles/10.3389/fmicb.2020.631736/full},
}

@online{marketshare-desktop-os,
  title = {Desktop Operating System Market Share Worldwide},
  urldate = {2023-03-02},
  url = {https://gs.statcounter.com/os-market-share/desktop/worldwide},
}

@online{marketshare-mobile-os,
  title = {Mobile Operating System Market Share Worldwide},
  urldate = {2023-03-02},
  url = {https://gs.statcounter.com/os-market-share/mobile/worldwide},
}

@online{marketshare-mobile-tablet,
  title = {Mobile vs Tablet Market Share Worldwide},
  urldate = {2023-03-02},
  url = {https://gs.statcounter.com/platform-market-share/mobile-tablet/worldwide/#monthly-202201-202302-bar},
}

@online{marketshare-browser,
  title = {Browser Market Share Worldwide},
  urldate = {2023-03-02},
  url = {https://gs.statcounter.com/browser-market-share},
}

@online{how-does-web-app-work,
  title = {How Does a Web Application Work?},
  urldate = {2023-03-03},
  url = {https://www.riverbed.com/en-gb/faq/how-does-web-application-work},
}

@online{what-is-web-framework-muni,
  title = {Webové aplikační rámce},
  urldate = {2023-03-05},
  url = {https://www.fi.muni.cz/~tomp/papers/tvorbasw2004_slides_pitner.pdf},
}

@online{what-is-web-framework-wiki,
  title = {Framework},
  urldate = {2023-03-05},
  url = {https://cs.wikipedia.org/wiki/Framework},
}

@online{what-is-web-framework-geeks,
  title = {Top 10 Frameworks for Web Applications},
  urldate = {2023-03-05},
  url = {https://www.geeksforgeeks.org/top-10-frameworks-for-web-applications/},
}

@online{what-is-web-framework-medium,
  title = {What are web frameworks and why you need them?},
  urldate = {2023-03-05},
  url = {https://intelegain-technologies.medium.com/what-are-web-frameworks-and-why-you-need-them-c4e8806bd0fb},
}

@online{what-is-database-oracle,
  title = {What Is a Database},
  urldate = {2023-03-05},
  url = {https://www.oracle.com/database/what-is-database/},
}

@online{what-is-html,
  title = {What is HTML},
  urldate = {2023-03-06},
  url = {https://www.freecodecamp.org/news/what-is-html-definition-and-meaning/},
}

@online{what-is-css,
  title = {What is CSS?},
  urldate = {2023-03-06},
  url = {https://developer.mozilla.org/en-US/docs/Learn/CSS/First_steps/What_is_CSS},
}

@online{what-is-js,
  title = {What is JavaScript?},
  urldate = {2023-03-06},
  url = {https://developer.mozilla.org/en-US/docs/Learn/JavaScript/First_steps/What_is_JavaScript},
}

@online{what-is-django,
  title = {Django introduction},
  urldate = {2023-03-06},
  url = {https://developer.mozilla.org/en-US/docs/Learn/Server-side/Django/Introduction},
}

@online{what-is-sqlite,
  title = {What is SQlite?},
  urldate = {2023-03-07},
  url = {https://www.codecademy.com/article/what-is-sqlite},
}

@online{geojson,
  title = {GeoJSON},
  urldate = {2023-03-09},
  url = {https://geojson.org/},
}

@online{geojson.io,
  title = {geojson.io},
  urldate = {2023-03-09},
  url = {https://geojson.io/},
}

@online{onemocneni-aktualne-msk,
  title = {COVID-19 | Moravskoslezský kraj},
  urldate = {2023-03-09},
  url = {https://onemocneni-aktualne.mzcr.cz/covid-19/kraje/MSK},
}

@online{onemocneni-aktualne,
  title = {COVID-19 | Onemocnění aktuálně od MZČR},
  urldate = {2023-03-09},
  url = {https://onemocneni-aktualne.mzcr.cz/covid-19},
}

@online{onemocneni-aktualne-docs,
  title = {Data COVID-19: Aplikační rozhraní},
  urldate = {2023-03-09},
  url = {https://onemocneni-aktualne.mzcr.cz/api/v3/docs},
}

@online{czso-ciselnik-lau,
  title = {Číselník okresů (OKRES\_LAU)},
  urldate = {2023-03-09},
  url = {https://www.czso.cz/csu/czso/ciselnik\_okresu\_-okres\_lau-},
}

@online{czso-pocet-obyvatel,
  title = {Počet obyvatel v obcích - k 1. 1. 2022},
  urldate = {2023-03-09},
  url = {https://www.czso.cz/csu/czso/pocet-obyvatel-v-obcich-k-112022},
}

@online{django-dokumentace,
  title = {Django Documentation},
  author = {Django Software Foundation},
  urldate = {2023-03-12},
  url = {https://buildmedia.readthedocs.org/media/pdf/django/4.1.x/django.pdf},
}

@online{django-online-dokumentace,
  title = {Writing your first Django app},
  urldate = {2023-03-12},
  url = {https://docs.djangoproject.com/en/4.1/intro/tutorial01/},
}

@online{python-download,
  title = {Download Python},
  urldate = {2023-03-12},
  url = {https://www.python.org/downloads/},
}

@online{pip-python,
  title = {pip - PyPI},
  urldate = {2023-03-12},
  url = {https://pypi.org/project/pip/},
}

@online{python-dokumentace,
  title = {BeginnersGuide - Python Wiki},
  urldate = {2023-03-12},
  url = {https://wiki.python.org/moin/BeginnersGuide},
}

@online{venv-dokumentace,
  title = {Virtual Environments and Packages},
  urldate = {2023-03-12},
  url = {https://docs.python.org/3/tutorial/venv.html},
}

@online{folium-dokumentace,
  title = {Folium},
  urldate = {2023-03-13},
  url = {https://python-visualization.github.io/folium/},
}

@online{leafletjs-dokumentace,
  title = {Documentation - Leaflet},
  urldate = {2023-03-13},
  url = {https://leafletjs.com/reference.html},
}

@online{csu-ciselnik-orp,
  title = {ČSÚ - číselník ORP},
  urldate = {2023-03-15},
  url = {https://www.czso.cz/documents/10180/23208674/struktura_uzemi_cr_1_1_2013_az_1_1_2022.xlsx/9565a148-f186-4d47-8dd9-ecd97c66cea1?redirect=https\%3A\%2F\%2Fwww.czso.cz\%2Fcsu\%2Fczso\%2Fdomov\%3Fp_p_id\%3D3\%26p_p_lifecycle\%3D0\%26p_p_state\%3Dmaximized\%26p_p_mode\%3Dview\%26_3_advancedSearch\%3Dfalse\%26_3_groupId\%3D0\%26_3_keywords\%3Dcross\%2Bmargin\%257CBityard.com\%2BCopy\%2BTrade\%26_3_delta\%3D20\%26_3_resetCur\%3Dfalse\%26_3_cur\%3D3897\%26_3_struts_action\%3D\%252Fsearch\%252Fsearch\%26_3_format\%3D\%26_3_andOperator\%3Dtrue},
}

@online{mozilla-xframe,
  title = {X-Frame-Options},
  urldate = {2023-03-15},
  url = {https://developer.mozilla.org/en-US/docs/Web/HTTP/Headers/X-Frame-Options},
}

@online{rest-api,
  title = {What is REST},
  urldate = {2023-03-15},
  url = {https://restfulapi.net/},
}

@online{auth0-caching,
  title = {What is Caching and how it works},
  urldate = {2023-03-16},
  url = {https://auth0.com/blog/what-is-caching-and-how-it-works/},
}

@online{django-static,
  title = {How to manage static files},
  urldate = {2023-03-16},
  url = {https://docs.djangoproject.com/en/4.1/howto/static-files/},
}

@online{w3-css-dokumentace,
  title = {W3.CSS Home},
  urldate = {2023-03-17},
  url = {https://www.w3schools.com/w3css/default.asp},
}

@online{mdl-dokumentace,
  title = {Material Design Lite},
  urldate = {2023-03-17},
  url = {https://getmdl.io/index.html},
}

@online{md3-pic,
  title = {Material Design 3 - mfg},
  urldate = {2023-03-17},
  url = {https://mfg.fhstp.ac.at/allgemein/material-design-3/},
}

@online{nouislider,
  title = {noUiSlider - JavaScript Range Slider},
  urldate = {2023-03-17},
  url = {https://refreshless.com/nouislider/},
}

@online{plotly,
  title = {Plotly javascript graphing library in JavaScript},
  urldate = {2023-03-17},
  url = {https://plotly.com/javascript/},
}

@online{google-fonts,
  title = {Browse fonts - Google Fonts},
  urldate = {2023-03-17},
  url = {https://fonts.google.com/},
}

@online{google-fonts-opensans,
  title = {Open Sans - Google Fonts},
  urldate = {2023-03-17},
  url = {https://fonts.google.com/specimen/Open+Sans},
}

@online{covid-19-origin,
  title = {What does the science say about the origin of the SARS-CoV-2 pandemic?},
  urldate = {2023-03-24},
  author = {Michaeleen Doucleff},
  url = {https://www.npr.org/sections/goatsandsoda/2023/02/28/1160162845/what-does-the-science-say-about-the-origin-of-the-sars-cov-2-pandemic},
}

@online{csu-lau,
  title = {Okres dle statistické klasifikace NUTS, LAU},
  urldate = {2023-03-24},
  url = {https://www.czso.cz/csu/rso/okres-dle-statisticke-klasifikace-nuts-lau},
}

@online{covid-info-gov,
  title = {Informace o nemoci covid-19},
  urldate = {2023-03-24},
  url = {https://covid.gov.cz/situace/onemocneni-covid-19/informace-o-nemoci-covid-19},
}

@inproceedings{google-scholar-clickjacking,
  title={Clickjacking: Attacks and Defenses.},
  author={Huang, Lin-Shung and Moshchuk, Alexander and Wang, Helen J and Schecter, Stuart and Jackson, Collin},
  booktitle={USENIX security symposium},
  pages={413--428},
  year={2012}
}

@techreport{google-scholar-geojson,
  title={The geojson format},
  author={Butler, Howard and Daly, Martin and Doyle, Allan and Gillies, Sean and Hagen, Stefan and Schaub, Tim},
  year={2016}
}

@book{google-scholar-django,
  title={Pro Django},
  author={Alchin, Marty},
  year={2013},
  publisher={Apress},
  isbn={978-1-4302-5810-0}
}

@book{google-scholar-html,
  title={HTML \& XHTML: The Definitive Guide: The Definitive Guide},
  author={Musciano, Chuck and Kennedy, Bill},
  year={2002},
  publisher={" O'Reilly Media, Inc."},
  isbn={978-0596000264}
}

@book{google-scholar-js,
  title={Beginning JavaScript},
  author={Wilton, Paul},
  year={2004},
  publisher={John Wiley \& Sons},
  isbn={978-0-470-52593-7}
}

@book{google-scholar-python,
  title={Python tutorial},
  author={Van Rossum, Guido and Drake Jr, Fred L},
  volume={620},
  year={1995},
  publisher={Centrum voor Wiskunde en Informatica Amsterdam, The Netherlands}
}

@book{google-scholar-css,
  title={CSS: The Definitive Guide: The Definitive Guide},
  author={Meyer, Eric A},
  year={2006},
  publisher={" O'Reilly Media, Inc."},
  isbn={9781098117610}
}

@software{
    dbbrowser,
    title = {DB Browser for SQLite },
    author = {Mauricio Piacentini},
    publisher = {Mauricio Piacentini},
    year = {2023},
    version = {3.12},
    url = {https://sqlitebrowser.org/}
}

@online{frontend-backend,
  title = {Frontend VS Backend – What's the Difference?},
  urldate = {2023-04-27},
  author = {Dionysia Lemonaki},
  url = {https://www.freecodecamp.org/news/frontend-vs-backend-whats-the-difference},
}

@online{nuts-lau-pic,
  title = {Kraje (NUTS 3) a okresy (LAU 1) České republiky},
  urldate = {2023-04-27},
  url = {https://www.czso.cz/csu/czso/kraje-nuts-3-a-okresy-lau-1-ceske-republiky},
}

@online{django-dry,
  title = {Design philosophies},
  urldate = {2023-04-29},
  url = {https://docs.djangoproject.com/en/4.2/misc/design-philosophies/},
}

